@inproceedings{veloso-2015,
author = {Veloso, Manuela and Biswas, Joydeep and Coltin, Brian and Rosenthal, Stephanie},
title = {{CoBots: Robust Symbiotic Autonomous Mobile Service Robots}},
booktitle = {Proceedings of the 24th International Joint Conference on Artificial Intelligence (IJCAI)},
pages = {4423--4429},
year = {2015}
}

@article{wurman-2008, 
author = {Wurman, Peter R. and D’Andrea, Raffaello and Mountz, Mick},
title = {Coordinating Hundreds of Cooperative, Autonomous Vehicles in Warehouses}, 
journal = {AI Magazine},
volume = {29}, 
number = {1},
pages = {9},
year = {2008}
}

@inproceedings{yu-2013,
author = {Yu, Jingjin and LaValle, Steven M.},
title = {{Structure and Intractability of Optimal Multi-Robot Path Planning on Graphs}},
booktitle = {Proceedings of the 27th AAAI Conference on Artificial Intelligence (AAAI)},
pages = {1443--1449},
year = {2013}
}

@inproceedings{stern-2019,
author = {Roni Stern and Nathan R. Sturtevant and Ariel Felner and Sven Koenig and Hang Ma and Thayne T. Walker and Jiaoyang Li and Dor Atzmon and Liron Cohen and T. K. Satish Kumar and Eli Boyarski and Roman Bart{\'{a}}k},
title = {Multi-Agent Pathfinding: Definitions, Variants, and Benchmarks},
booktitle = {Proceedings of the 12th International Symposium on Combinatorial Search (SoCS)},
pages = {151--159},
year = {2019}
}

@inproceedings{cohen-2018-a,
author = {Cohen, Liron and Wagner, Glenn and Chan, David and Choset, Howie and Sturtevant, Nathan and Koenig, Sven and Kumar, TK},
title = {{Rapid Randomized Restarts for Multi-Agent Path Finding Solvers}},
booktitle = {Proceedings of the International Symposium on Combinatorial Search},
pages = {148--152},
year = {2018}
}

@inproceedings{cohen-2018,
title = {Anytime Focal Search with Applications},
author = {Liron Cohen and Matias Greco and Hang Ma and Carlos Hernandez and Ariel Felner and T. K. Satish Kumar and Sven Koenig},
booktitle = {Proceedings of the 27th International Joint Conference on Artificial Intelligence (IJCAI)},
pages = {1434--1441},
year = {2018}
}

@inproceedings{li-2022,
author = {Jiaoyang Li and Zhe Chen and Daniel Harabor and Peter J. Stuckey and Sven Koenig},
title = {{MAPF-LNS2: Fast Repairing for Multi-Agent Path Finding via Large Neighborhood Search}},
booktitle = {Proc. of the 36th AAAI Conf. on Artificial Intelligence (AAAI)},
pages = {10256--10265},
year = {2022}
}

@inproceedings{li-2021,
author = {Jiaoyang Li and Zhe Chen and Daniel Harabor and Peter J. Stuckey and Sven Koenig},
title = {{Anytime Multi-Agent Path Finding via Large Neighborhood Search}},
booktitle = {Proceedings of the 30th International Joint Conference on Artificial Intelligence (IJCAI)},
pages = {4127--4135},
year = {2021}
}

@inproceedings{lam-2023, 
author = {Lam, Edward and Harabor, Daniel D. and Stuckey, Peter J. and Li, Jiaoyang},
title = {Exact Anytime Multi-Agent Path Finding Using Branch-and-Cut-and-Price and Large Neighborhood Search}, 
booktitle = {Proc. of the 33th Int. Conf. on Autom. Planning and Sched. (ICAPS)},
pages = {254--258},
year = {2023}
}

@inproceedings{phan-2024,
author = {Thomy Phan and Taoan Huang and Bistra Dilkina and Sven Koenig},
title = {Adaptive Anytime Multi-Agent Path Finding Using Bandit-Based Large Neighborhood Search}, 
booktitle = {Proc. of the 38th AAAI Conf. on Artificial Intelligence (AAAI)},
pages = {17514--17522},
year = {2024},
}

@inproceedings{huang-2022,
author = {Huang, Taoan and Li, Jiaoyang and Koenig, Sven and Dilkina, Bistra},
title = {Anytime Multi-Agent Path Finding via Machine Learning-Guided Large Neighborhood Search},
booktitle = {Proc. of the 36th AAAI Conf. on Artificial Intelligence (AAAI)},
pages = {9368--9376},
year = {2024},
}

@inproceedings{silver-2005,
author = {Silver, David},
title = {{Cooperative Pathfinding}},
booktitle = {Proc. of the First AAAI Conf. on Artificial Intelligence and Interactive Digital Entertainment (AAAI)},
pages = {117--122},
year = {2005},
}

@techreport{burges-2010,
author = {Burges, Christopher J. C.},
title = {From {RankNet} to {LambdaRank} to {LambdaMART}: An Overview},
institution = {Microsoft Research},
year = {2010}
}

@inproceedings{standley-2011,
author = {Standley, Trevor and Korf, Richard},
title = {Complete algorithms for cooperative pathfinding problems},
booktitle = {Proc. of the 22th Int. Joint Conf. on AI (IJCAI)},
pages = {668-–673},
year = {2011},
}

@article{vedder-2021,
author = {Kyle Vedder and Joydeep Biswas},
title = {X*: Anytime Multi-Agent Path Finding for Sparse Domains using Window-Based Iterative Repairs},
journal = {Artificial Intelligence},
volume = {291},
pages = {103417},
year = {2021}
}

@article{pearl-1982,
author = {Pearl, Judea and Kim, Jin H.},
title = {Studies in Semi-Admissible Heuristics},
journal = {IEEE Transactions on Pattern Analysis and Machine Intelligence}, 
volume = {PAMI-4},
pages = {392--399},
year = {1982},
}

@inproceedings{shaw-1998,
author = {Shaw, Paul},
title = {Using Constraint Programming and Local Search Methods to Solve Vehicle Routing Problems},
editor = {Maher, Michael and Puget, Jean-Francois},
booktitle = {Principles and Practice of Constraint Programming --- CP98},
publisher = {Springer},
series = {LNCS},
volume = {1520},
pages = {417--431},
year = {1998},
}

@inproceedings{optuna-2019,
title = {Optuna: A Next-generation Hyperparameter Optimization Framework},
author = {Akiba, Takuya and Sano, Shotaro and Yanase, Toshihiko and Ohta, Takeru and Koyama, Masanori},
booktitle = {Proc. of the 25th {ACM} {SIGKDD} Int. Conf. on Knowledge Discovery and Data Mining},
year = {2019}
}

@article{lightgbm-2017,
title = {Lightgbm: A highly efficient gradient boosting decision tree},
author = {Ke, Guolin and Meng, Qi and Finley, Thomas and Wang, Taifeng and Chen, Wei and Ma, Weidong and Ye, Qiwei and Liu, Tie-Yan},
journal = {Advances in neural information processing systems},
volume = {30},
pages = {3146--3154},
year = {2017}
} 
